@misc{Grodent2015,
    title = {{A Brief Review of Ultraviolet Auroral Emissions on Giant Planets}},
    year = {2015},
    booktitle = {Space Science Reviews},
    author = {Grodent, Denis},
    doi = {10.1007/s11214-014-0052-8},
    issn = {15729672},
    keywords = {Aurora, Giant planets, Jupiter, Magnetosphere, Neptune, Saturn, Ultraviolet, Uranus}
}

@article{Glocer2013,
author = {Glocer, A. and Fok, M. and Meng, X. and Toth, G. and Buzulukova, N. and Chen, S. and Lin, K.},
title = {CRCM + BATS‒R‒US two‒way coupling},
journal = {Journal of Geophysical Research: Space Physics},
volume = {118},
number = {4},
pages = {1635-1650},
keywords = {magnetosphere, Ring Current, MHD, Modeling, Model Coupling},
doi = {https://doi.org/10.1002/jgra.50221},
url = {https://agupubs.onlinelibrary.wiley.com/doi/abs/10.1002/jgra.50221},
eprint = {https://agupubs.onlinelibrary.wiley.com/doi/pdf/10.1002/jgra.50221},
year = {2013}
}


@article{Khurana1992a,
    title = {{A generalized hinged-magnetodisc model of Jupiter's nightside current sheet}},
    year = {1992},
    journal = {Journal of Geophysical Research},
    author = {Khurana, Krishan K.},
    number = {A5},
    month = {5},
    pages = {6269},
    volume = {97},
    publisher = {John Wiley {\&} Sons, Ltd},
    url = {http://doi.wiley.com/10.1029/92JA00169},
    doi = {10.1029/92JA00169},
    issn = {0148-0227}
}

@article{Ogino1998a,
    title = {{A global magnetohydrodynamic simulation of the Jovian magnetosphere}},
    year = {1998},
    journal = {Journal of Geophysical Research: Space Physics},
    author = {Ogino, Tatsuki and Walker, Raymond J. and Kivelson, Margaret G.},
    doi = {10.1029/97ja02247},
    issn = {2169-9402}
}

@article{Connerney2018,
    title = {{A New Model of Jupiter's Magnetic Field From Juno's First Nine Orbits}},
    year = {2018},
    journal = {Geophysical Research Letters},
    author = {Connerney, J. E.P. and Kotsiaros, S. and Oliversen, R. J. and Espley, J. R. and Joergensen, J. L. and Joergensen, P. S. and Merayo, J. M.G. and Herceg, M. and Bloxham, J. and Moore, K. M. and Bolton, S. J. and Levin, S. M.},
    doi = {10.1002/2018GL077312},
    issn = {19448007},
    keywords = {Juno mission, Jupiter magnetosphere, dynamo generation, magnetic field, planetary magnetic field}
}

@article{Southwood2001a,
    title = {{A new perspective concerning the influence of the solar wind on the Jovian magnetosphere}},
    year = {2001},
    journal = {Journal of Geophysical Research: Space Physics},
    author = {Southwood, D. J. and Kivelson, M. G.},
    doi = {10.1029/2000ja000236},
    issn = {2169-9402}
}

@article{Linde2002,
    title = {{A practical, general-purpose, two-state HLL Riemann solver for hyperbolic conservation laws}},
    year = {2002},
    journal = {International Journal for Numerical Methods in Fluids},
    author = {Linde, Timur},
    doi = {10.1002/fld.312},
    issn = {02712091},
    keywords = {HLL schemes, Hyperbolic conservation laws, Riemann solvers}
}

@article{Fukazawa2010a,
    title = {{A simulation study of dynamics in the distant Jovian magnetotail}},
    year = {2010},
    journal = {Journal of Geophysical Research: Space Physics},
    author = {Fukazawa, Keiichiro and Ogino, Tatsuki and Walker, Raymond J.},
    doi = {10.1029/2009JA015228},
    issn = {21699402}
}

@article{Powell1999a,
    title = {{A Solution-Adaptive Upwind Scheme for Ideal Magnetohydrodynamics}},
    year = {1999},
    journal = {Journal of Computational Physics},
    author = {Powell, Kenneth G. and Roe, Philip L. and Linde, Timur J. and Gombosi, Tamas I. and De Zeeuw, Darren L.},
    doi = {10.1006/jcph.1999.6299},
    issn = {00219991}
}

@article{Schreier1998a,
    title = {{A two-dimensional model of plasma transport and chemistry in the Jovian magnetosphere}},
    year = {1998},
    journal = {Journal of Geophysical Research E: Planets},
    author = {Schreier, Ron and Eviatar, Aharon and Vasyliunas, Vytenis M.},
    doi = {10.1029/98je00697},
    issn = {01480227}
}

@article{Toth2012a,
    title = {{Adaptive numerical algorithms in space weather modeling}},
    year = {2012},
    journal = {Journal of Computational Physics},
    author = {T{\'{o}}th, Gábor and van der Holst, Bart and Sokolov, Igor V. and De Zeeuw, Darren L. and Gombosi, Tamas I. and Fang, Fang and Manchester, Ward B. and Meng, Xing and Najib, Dalal and Powell, Kenneth G. and Stout, Quentin F. and Glocer, Alex and Ma, Ying Juan and Opher, Merav},
    doi = {10.1016/j.jcp.2011.02.006},
    issn = {10902716},
    keywords = {65D99 Numerical approximation, 77A05 Magnetohydrodynamics}
}

@article{Kita2016,
    title = {{Characteristics of solar wind control on Jovian UV auroral activity deciphered by long-term Hisaki EXCEED observations: Evidence of preconditioning of the magnetosphere?}},
    year = {2016},
    journal = {Geophysical Research Letters},
    author = {Kita, Hajime and Kimura, Tomoki and Tao, Chihiro and Tsuchiya, Fuminori and Misawa, Hiroaki and Sakanoi, Takeshi and Kasaba, Yasumasa and Murakami, Go and Yoshioka, Kazuo and Yamazaki, Atsushi and Yoshikawa, Ichiro and Fujimoto, Masaki},
    doi = {10.1002/2016GL069481},
    issn = {19448007},
    keywords = {Jupiter, aurora, magnetosphere, solar wind control}
}

@misc{Cowley2008,
    title = {{Comment on "Jupiter: A fundamentally different magnetospheric interaction with the solar wind" by D. J. McComas and F. Bagenal}},
    year = {2008},
    booktitle = {Geophysical Research Letters},
    author = {Cowley, S. W.H. and Badman, S. V. and Imber, S. M. and Milan, S. E.},
    doi = {10.1029/2007GL032645},
    issn = {00948276}
}

@article{Fukazawa2006a,
    title = {{Configuration and dynamics of the Jovian magnetosphere}},
    year = {2006},
    journal = {Journal of Geophysical Research: Space Physics},
    author = {Fukazawa, Keiichiro and Ogino, Tatsuki and Walker, Raymond J.},
    doi = {10.1029/2006JA011874},
    issn = {21699402}
}

@article{Gurnett2002a,
    title = {{Control of Jupiter’s radio emission and aurorae by the solar wind}},
    year = {2002},
    journal = {Nature},
    author = {Gurnett, D. A. and Kurth, W. S. and Hospodarsky, G. B. and Persoon, A. M. and Zarka, P. and Lecacheux, A. and Bolton, S. J. and Desch, M. D. and Farrell, W. M. and Kalser, M. L. and Ladreiter, H. P. and Rucker, H. O. and Galopeau, P. and Louarn, P. and Young, D. T. and Pryor, W. R. and Dougherty, M. K.},
    doi = {10.1038/415985a},
    issn = {00280836}
}

@article{Hill1980,
    title = {{Corotation lag in Jupiter's magnetosphere: Comparison of observation and theory}},
    year = {1980},
    journal = {Science},
    author = {Hill, T. W.},
    doi = {10.1126/science.207.4428.301},
    issn = {00368075}
}

@article{Moriguchi2008,
    title = {{Current systems in the Jovian magnetosphere}},
    year = {2008},
    journal = {Journal of Geophysical Research: Space Physics},
    author = {Moriguchi, Tadanori and Nakamizo, Aoi and Tanaka, Takashi and Obara, Takahiro and Shimazu, Hironori},
    doi = {10.1029/2007JA012751},
    issn = {21699402}
}

@article{McComas2007a,
    title = {{Diverse plasma populations and structures in Jupiter's magnetotail}},
    year = {2007},
    journal = {Science},
    author = {McComas, D. J. and Allegrini, F. and Bagenal, F. and Crary, F. and Ebert, R. W. and Elliott, H. and Stern, A. and Valek, P.},
    doi = {10.1126/science.1147393},
    issn = {00368075}
}

@article{Fukazawa2005,
    title = {{Dynamics of the Jovian magnetosphere for northward interplanetary magnetic field (IMF)}},
    year = {2005},
    journal = {Geophysical Research Letters},
    author = {Fukazawa, Keiichiro and Ogino, Tatsuki and Walker, Raymond J.},
    doi = {10.1029/2004GL021392},
    issn = {00948276}
}

@article{Erkaev1996,
    title = {{Effects on the Jovian magnetosheath arising from solar wind flow around nonaxisymmetric bodies}},
    year = {1996},
    journal = {Journal of Geophysical Research: Space Physics},
    author = {Erkaev, N. V. and Farrugia, C. J. and Biernat, H. K.},
    doi = {10.1029/95ja03518},
    issn = {0148-0227}
}

@article{Mauk2004,
    title = {{Energetic ion characteristics and neutral gas interactions in Jupiter's magnetosphere}},
    year = {2004},
    journal = {Journal of Geophysical Research: Space Physics},
    author = {Mauk, B. H. and Mitchell, D. G. and McEntire, R. W. and Paranicas, C. P. and Roelof, E. C. and Williams, D. J. and Krimigis, S. M. and Lagg, A.},
    doi = {10.1029/2003JA010270},
    issn = {21699402},
    keywords = {Energetic particles, Europa, Gas tori, Jupiter, Magnetospheres, Satellites}
}

@article{Bagenal2011b,
    title = {{Flow of mass and energy in the magnetospheres of Jupiter and Saturn}},
    year = {2011},
    journal = {Journal of Geophysical Research: Space Physics},
    author = {Bagenal, Fran and Delamere, Peter A.},
    doi = {10.1029/2010JA016294},
    issn = {21699402}
}

@article{Vasyliunas1997,
    title = {{Geometry of the plasma sheet in the midnight-to-dawn sector of the Jovian magnetosphere: Plasma observations with the Galileo spacecraft}},
    year = {1997},
    journal = {Geophysical Research Letters},
    author = {Vasyliunas, Vytenis M. and Frank, Louis A. and Ackerson, Kent L. and Paterson, William R.},
    doi = {10.1029/97GL00757},
    issn = {00948276}
}

@article{Sarkango2019,
    title = {{Global MHD simulations of the Response of Jupiter's Magnetosphere and Ionosphere to Changes in the Solar Wind and IMF}},
    year = {2019},
    journal = {Journal of Geophysical Research: Space Physics},
    author = {Sarkango, Yash and Jia, Xianzhe and Toth, Gabor},
    doi = {10.1029/2019ja026787},
    issn = {2169-9380}
}

@article{Khurana2005,
    title = {{Global structure of Jupiter's magnetospheric current sheet}},
    year = {2005},
    journal = {Journal of Geophysical Research: Space Physics},
    author = {Khurana, Krishan K. and Schwarzl, Hannes K.},
    doi = {10.1029/2004JA010757},
    issn = {21699402}
}

@article{Chane2017a,
    title = {{How is the Jovian main auroral emission affected by the solar wind?}},
    year = {2017},
    journal = {Journal of Geophysical Research: Space Physics},
    author = {Chan{\'{e}}, E. and Saur, J. and Keppens, R. and Poedts, S.},
    doi = {10.1002/2016JA023318},
    issn = {21699402},
    keywords = {Jupiter, MHD, magnetosphere, simulations}
}

@article{Vogt2011a,
    title = {{Improved mapping of Jupiter's auroral features to magnetospheric sources}},
    year = {2011},
    journal = {Journal of Geophysical Research: Space Physics},
    author = {Vogt, Marissa F. and Kivelson, Margaret G. and Khurana, Krishan K. and Walker, Raymond J. and Bonfond, Bertrand and Grodent, Denis and Radioti, Aikaterini},
    doi = {10.1029/2010JA016148},
    issn = {21699402}
}

@article{Hill1979,
    title = {{Inertial limit on corotation.}},
    year = {1979},
    journal = {Journal of Geophysical Research},
    author = {Hill, T. W.},
    doi = {10.1029/JA084iA11p06554},
    issn = {01480227}
}

@article{Khurana2001,
    title = {{Influence of solar wind on Jupiter's magnetosphere deduced from currents in the equatorial plane}},
    year = {2001},
    journal = {Journal of Geophysical Research: Space Physics},
    author = {Khurana, Krishan K.},
    doi = {10.1029/2000ja000352},
    issn = {2169-9402}
}

@article{Dungey1961b,
    title = {{Interplanetary magnetic field and the auroral zones}},
    year = {1961},
    journal = {Physical Review Letters},
    author = {Dungey, J. W.},
    doi = {10.1103/PhysRevLett.6.47},
    issn = {00319007}
}

@article{Grodent2003a,
    title = {{Jupiter's polar auroral emissions}},
    year = {2003},
    journal = {Journal of Geophysical Research: Space Physics},
    author = {Grodent, D. and Clarke, J. T. and Waite, J. H. and Cowley, S. W.H. and G{\'{e}}rard, J. C. and Kim, J.},
    doi = {10.1029/2003JA010017},
    issn = {21699402},
    keywords = {Aurora, Jupiter, Planetary magnetospheres, Reconnection, Solar wind/magnetosphere interactions}
}

@article{Cowley2003b,
    title = {{Jupiter's polar ionospheric flows: Theoretical interpretation}},
    year = {2003},
    journal = {Geophysical Research Letters},
    author = {Cowley, S. W. H. and Bunce, E. J. and Stallard, T. S. and Miller, S.},
    doi = {10.1029/2002gl016030},
    issn = {0094-8276}
}

@article{McComas2007,
    title = {{Jupiter: A fundamentally different magnetospheric interaction with the solar wind}},
    year = {2007},
    journal = {Geophysical Research Letters},
    author = {McComas, D. J. and Bagenal, F.},
    doi = {10.1029/2007GL031078},
    issn = {00948276}
}

@misc{Bolton2015a,
    title = {{Jupiter’s Magnetosphere: Plasma Sources and Transport}},
    year = {2015},
    booktitle = {Space Science Reviews},
    author = {Bolton, Scott J. and Bagenal, Fran and Blanc, Michel and Cassidy, Timothy and Chan{\'{e}}, Emmanuel and Jackman, Caitriona and Jia, Xianzhe and Kotova, Anna and Krupp, Norbert and Milillo, Anna and Plainaki, Christina and Smith, H. Todd and Waite, Hunter},
    doi = {10.1007/s11214-015-0184-5},
    issn = {15729672}
}

@article{Crooker1985,
    title = {{Magnetic field draping against the dayside magnetopause}},
    year = {1985},
    journal = {Journal of Geophysical Research},
    author = {Crooker, N. U. and Luhmann, J. G. and Russell, C. T. and Smith, E. J. and Spreiter, J. R. and Stahara, S. S.},
    doi = {10.1029/ja090ia04p03505},
    issn = {0148-0227}
}

@article{Tao2005,
    title = {{Magnetic field variations in the Jovian magnetotail induced by solar wind dynamic pressure enhancements}},
    year = {2005},
    journal = {Journal of Geophysical Research: Space Physics},
    author = {Tao, Chihiro and Kataoka, Ryuho and Fukunishi, Hiroshi and Takahashi, Yukihiro and Yokoyama, Takaaki},
    doi = {10.1029/2004JA010959},
    issn = {21699402}
}

@article{Walker2001,
    title = {{Magnetohydrodynamic simulations of the effects of the solar wind on the Jovian magnetosphere}},
    year = {2001},
    journal = {Planetary and Space Science},
    author = {Walker, Raymond J. and Ogino, Tatsuki and Kivelson, Margaret G.},
    doi = {10.1016/S0032-0633(00)00145-8},
    issn = {00320633}
}

@article{Nichols2003,
    title = {{Magnetosphere-ionosphere coupling currents in Jupiter's middle magnetosphere: Dependence on the effective ionospheric Pedersen conductivity and iogenic plasma mass outflow rate}},
    year = {2003},
    journal = {Annales Geophysicae},
    author = {Nichols, J. D. and Cowley, S. W.H.},
    doi = {10.5194/angeo-21-1419-2003},
    issn = {09927689},
    keywords = {Magnetospheric physics (current systems, magnetosp}
}

@article{Nichols2004,
    title = {{Magnetosphere-ionosphere coupling currents in Jupiter's middle magnetosphere: Effect of precipitation-induced enhancement of the ionospheric Pedersen conductivity}},
    year = {2004},
    journal = {Annales Geophysicae},
    author = {Nichols, J. D. and Cowley, S. W.H.},
    doi = {10.5194/angeo-22-1799-2004},
    issn = {09927689},
    keywords = {Magnetospheric physics (current systems, magnetosp}
}

@article{Nichols2011,
    title = {{Magnetosphere-ionosphere coupling in Jupiter's middle magnetosphere: Computations including a self-consistent current sheet magnetic field model}},
    year = {2011},
    journal = {Journal of Geophysical Research: Space Physics},
    author = {Nichols, J. D.},
    doi = {10.1029/2011JA016922},
    issn = {21699402},
    arxivId = {1108.3219}
}

@article{Jia2012,
    title = {{Magnetospheric configuration and dynamics of Saturn's magnetosphere: A global MHD simulation}},
    year = {2012},
    journal = {Journal of Geophysical Research: Space Physics},
    author = {Jia, Xianzhe and Hansen, Kenneth C. and Gombosi, Tamas I. and Kivelson, Margaret G. and T{\'{o}}th, Gabor and Dezeeuw, Darren L. and Ridley, Aaron J.},
    doi = {10.1029/2012JA017575},
    issn = {21699402}
}

@article{Miyoshi1997,
    title = {{MHD simulation of a rapidly rotating magnetosphere interacting with the external plasma flow}},
    year = {1997},
    journal = {Geophysical Research Letters},
    author = {Miyoshi, T. and Kusano, K.},
    doi = {10.1029/97GL52739},
    issn = {00948276}
}

@article{Hansen2001a,
    title = {{MHD simulations of the magnetospheres of Jupiter and Saturn: Application to the Cassini mission}},
    year = {2001},
    journal = {Ph.D. Thesis},
    author = {Hansen, Kenneth Calvin}
}

@article{Masters2017,
    title = {{Model-Based Assessments of Magnetic Reconnection and Kelvin-Helmholtz Instability at Jupiter's Magnetopause}},
    year = {2017},
    journal = {Journal of Geophysical Research: Space Physics},
    author = {Masters, A.},
    doi = {10.1002/2017JA024736},
    issn = {21699402},
    keywords = {Jupiter, Kelvin-Helmholtz instability, analytical modeling, magnetic reconnection, magnetopause, magnetosphere}
}

@article{Chane2013a,
    title = {{Modeling Jupiter's magnetosphere: Influence of the internal sources}},
    year = {2013},
    journal = {Journal of Geophysical Research: Space Physics},
    author = {Chan{\'{e}}, E. and Saur, J. and Poedts, S.},
    doi = {10.1002/jgra.50258},
    issn = {21699402},
    keywords = {Solar wind/magnetosphere interactions}
}

@article{Cowley2003a,
    title = {{Modulation of Jupiter's main auroral oval emissions by solar wind induced expansions and compressions of the magnetosphere}},
    year = {2003},
    journal = {Planetary and Space Science},
    author = {Cowley, S. W.H. and Bunce, E. J.},
    doi = {10.1016/S0032-0633(02)00118-6},
    issn = {00320633},
    keywords = {Jupiter's auroras, Jupiter's magnetosphere, Magnetosphere-ionosphere interactions, Solar wind-magnetosphere interactions}
}

@article{Cowley2007,
    title = {{Modulation of Jupiter's plasma flow, polar currents, and auroral precipitation by solar wind-induced compressions and expansions of the magnetosphere: A simple theoretical model}},
    year = {2007},
    journal = {Annales Geophysicae},
    author = {Cowley, S. W.H. and Nichols, J. D. and Andrews, D. J.},
    doi = {10.5194/angeo-25-1433-2007},
    issn = {14320576}
}

@article{Bonfond2017,
    title = {{Morphology of the UV aurorae Jupiter during Juno's first perijove observations}},
    year = {2017},
    journal = {Geophysical Research Letters},
    author = {Bonfond, B. and Gladstone, G. R. and Grodent, D. and Greathouse, T. K. and Versteeg, M. H. and Hue, V. and Davis, M. W. and Vogt, M. F. and G{\'{e}}rard, J. C. and Radioti, A. and Bolton, S. and Levin, S. M. and Connerney, J. E.P. and Mauk, B. H. and Valek, P. and Adriani, A. and Kurth, W. S.},
    doi = {10.1002/2017GL073114},
    issn = {19448007},
    keywords = {Juno, Juno-UVS, Jupiter, aurora}
}

@article{Nichols2009a,
    title = {{Observations of Jovian polar auroral filaments}},
    year = {2009},
    journal = {Geophysical Research Letters},
    author = {Nichols, J. D. and Clarke, J. T. and G{\'{e}}rard, J. C. and Grodent, D.},
    doi = {10.1029/2009GL037578},
    issn = {00948276}
}

@article{Frank2002,
    title = {{Observations of thermal plasmas in Jupiter's magnetotail}},
    year = {2002},
    journal = {Journal of Geophysical Research: Space Physics},
    author = {Frank, L. A. and Paterson, W. R. and Khurana, K. K.},
    doi = {10.1029/2001JA000077},
    issn = {21699402},
    keywords = {2744 magnetospheric physics: Magnetotail, 2756 magnetospheric physics: Planetary magnetosphe, 5737 planetology: Fluid planets: Magnetospheres (2, 6220 planetology: Solar system objects: Jupiter}
}

@article{Cowley2001a,
    title = {{Origin of the main auroral oval in Jupiter's coupled magnetosphere-ionosphere system}},
    year = {2001},
    journal = {Planetary and Space Science},
    author = {Cowley, S. W H and Bunce, E. J.},
    doi = {10.1016/S0032-0633(00)00167-7},
    issn = {00320633}
}

@misc{Cowley2003c,
    title = {{Origins of Jupiter's main oval auroral emissions}},
    year = {2003},
    booktitle = {Journal of Geophysical Research: Space Physics},
    author = {Cowley, S. W.H. and Bunce, E. J. and Nichols, J. D.},
    doi = {10.1029/2002JA009329},
    issn = {21699402},
    keywords = {Jovian auroras, Jovian magnetosphere, Magnetosphere-ionosphere coupling}
}

@article{Woch2002a,
    title = {{Particle bursts in the Jovian magnetosphere: Evidence for a near-Jupiter neutral line}},
    year = {2002},
    journal = {Geophysical Research Letters},
    author = {Woch, Joachim and Krupp, Norbert and Lagg, Andreas},
    doi = {10.1029/2001GL014080},
    issn = {00948276}
}

@article{Chane2018,
    title = {{Periodic shearing motions in the Jovian magnetosphere causing a localized peak in the main auroral emission close to noon}},
    year = {2018},
    journal = {Planetary and Space Science},
    author = {Chan{\'{e}}, E. and Palmaerts, B. and Radioti, A.},
    doi = {10.1016/j.pss.2018.04.023},
    issn = {00320633},
    arxivId = {1804.10564},
    keywords = {Jupiter, Magnetosphere, Solar wind}
}

@incollection{Vasyliunas1983a,
    title = {{Plasma distribution and flow}},
    year = {1983},
    booktitle = {Physics of the Jovian Magnetosphere},
    author = {Vasyliunas, Vytenis M.},
    doi = {10.1017/cbo9780511564574.013}
}

@article{Joy2002a,
    title = {{Probabilistic models of the Jovian magnetopause and bow shock locations}},
    year = {2002},
    journal = {Journal of Geophysical Research: Space Physics},
    author = {Joy, S. P. and Kivelson, M. G. and Walker, R. J. and Khurana, K. K. and Russell, C. T. and Ogino, T.},
    number = {A10},
    volume = {107},
    doi = {10.1029/2001JA009146},
    issn = {21699402},
    keywords = {Bow shock, Jupiter, MHD, Magnetopause, Solar wind}
}

@article{Kivelson2002a,
    title = {{Properties of the magnetic field in the Jovian magnetotail}},
    year = {2002},
    journal = {Journal of Geophysical Research: Space Physics},
    author = {Kivelson, Margaret G. and Khurana, Krishan K.},
    doi = {10.1029/2001JA000249},
    issn = {21699402},
    keywords = {Jupiter's magnetosphere, Magnetospheric configuration, Planetary magnetosphere}
}

@article{Pontius1997,
    title = {{Radial mass transport and rotational dynamics}},
    year = {1997},
    journal = {Journal of Geophysical Research A: Space Physics},
    author = {Pontius, Duane H.},
    doi = {10.1029/97JA00289},
    issn = {01480227}
}

@article{Vogt2010a,
    title = {{Reconnection and flows in the Jovian magnetotail as inferred from magnetometer observations}},
    year = {2010},
    journal = {Journal of Geophysical Research: Space Physics},
    author = {Vogt, Marissa F. and Kivelson, Margaret G. and Khurana, Krishan K. and Joy, Steven P. and Walker, Raymond J.},
    doi = {10.1029/2009JA015098},
    issn = {21699402}
}

@article{Toth2011,
    title = {{Reducing numerical diffusion in magnetospheric simulations}},
    year = {2011},
    journal = {Journal of Geophysical Research: Space Physics},
    author = {T{\'{o}}th, Gbor and Meng, Xing and Gombosi, Tamas I. and Ridley, Aaron J.},
    doi = {10.1029/2010JA016370},
    issn = {21699402}
}

@misc{Clarke2009,
    title = {{Response of Jupiter's and Saturn's auroral activity to the solar wind}},
    year = {2009},
    booktitle = {Journal of Geophysical Research: Space Physics},
    author = {Clarke, J. T. and Nichols, J. and G{\'{e}}rard, J. C. and Grodent, D. and Hansen, K. C. and Kurth, W. and Gladstone, G. R. and Duval, J. and Wannawichian, S. and Bunce, E. and Cowley, S. W.H. and Crary, F. and Dougherty, M. and Lamy, L. and Mitchell, D. and Pryor, W. and Retherford, K. and Stallard, T. and Zieger, B. and Zarka, P. and Cecconi, B.},
    doi = {10.1029/2008JA013694},
    issn = {21699402}
}

@article{Kimura2018,
    title = {{Response of Jupiter's Aurora to Plasma Mass Loading Rate Monitored by the Hisaki Satellite During Volcanic Eruptions at Io}},
    year = {2018},
    journal = {Journal of Geophysical Research: Space Physics},
    author = {Kimura, T. and Hiraki, Y. and Tao, C. and Tsuchiya, F. and Delamere, P. A. and Yoshioka, K. and Murakami, G. and Yamazaki, A. and Kita, H. and Badman, S. V. and Fukazawa, K. and Yoshikawa, I. and Fujimoto, M.},
    doi = {10.1002/2017JA025029},
    issn = {21699402},
    keywords = {Io, Jupiter, aurora, plasma, transport, volcano}
}

@article{Nichols2017a,
    title = {{Response of Jupiter's auroras to conditions in the interplanetary medium as measured by the Hubble Space Telescope and Juno}},
    year = {2017},
    journal = {Geophysical Research Letters},
    author = {Nichols, J. D. and Badman, S. V. and Bagenal, F. and Bolton, S. J. and Bonfond, B. and Bunce, E. J. and Clarke, J. T. and Connerney, J. E.P. and Cowley, S. W.H. and Ebert, R. W. and Fujimoto, M. and G{\'{e}}rard, J. C. and Gladstone, G. R. and Grodent, D. and Kimura, T. and Kurth, W. S. and Mauk, B. H. and Murakami, G. and McComas, D. J. and Orton, G. S. and Radioti, A. and Stallard, T. S. and Tao, C. and Valek, P. W. and Wilson, R. J. and Yamazaki, A. and Yoshikawa, I.},
    doi = {10.1002/2017GL073029},
    issn = {19448007},
    keywords = {Hubble Space Telescope, Juno, Jupiter, aurora, magnetosphere, solar wind}
}

@article{Nichols2007a,
    title = {{Response of Jupiter's UV auroras to interplanetary conditions as observed by the Hubble Space Telescope during the Cassini flyby campaign}},
    year = {2007},
    journal = {Journal of Geophysical Research: Space Physics},
    author = {Nichols, J. D. and Bunce, E. J. and Clarke, J. T. and Cowley, S. W.H. and G{\'{e}}rard, J. C. and Grodent, D. and Pryor, W. R.},
    doi = {10.1029/2006JA012005},
    issn = {21699402}
}

@misc{Blanc2015,
    title = {{Saturn Plasma Sources and Associated Transport Processes}},
    year = {2015},
    booktitle = {Space Science Reviews},
    author = {Blanc, M. and Andrews, D. J. and Coates, A. J. and Hamilton, D. C. and Jackman, C. M. and Jia, X. and Kotova, A. and Morooka, M. and Smith, H. T. and Westlake, J. H.},
    doi = {10.1007/s11214-015-0172-9},
    issn = {15729672},
    keywords = {Magnetosphere, Plasma transport, Radiation belts, Satellites, Saturn, Solar wind}
}

@article{Gombosi2002b,
    title = {{Semirelativistic magnetohydrodynamics and physics-based convergence acceleration}},
    year = {2002},
    journal = {Journal of Computational Physics},
    author = {Gombosi, Tamas I. and T{\'{o}}th, Gábor and De Zeeuw, Darren L. and Hansen, Kenneth C. and Kabin, Konstantin and Powell, Kenneth G.},
    number = {1},
    month = {3},
    pages = {176--205},
    volume = {177},
    publisher = {Academic Press},
    url = {https://www.sciencedirect.com/science/article/pii/S0021999102970099},
    doi = {10.1006/jcph.2002.7009},
    issn = {00219991}
}

@incollection{Walker2016,
    title = {{Simulation Studies of Plasma Transport at Earth, Jupiter and Saturn}},
    year = {2016},
    author = {Walker, R. J. and Jia, X.},
    doi = {10.1007/978-3-319-26432-5{\_}9}
}

@article{Slavin1985,
    title = {{Solar wind flow about the outer planets: Gas dynamic modeling of the Jupiter and Saturn bow shocks}},
    year = {1985},
    journal = {Journal of Geophysical Research},
    author = {Slavin, J. A. and Smith, E. J. and Spreiter, J. R. and Stahara, S. S.},
    doi = {10.1029/ja090ia07p06275},
    issn = {0148-0227}
}

@article{Wilson2018,
    title = {{Solar Wind Properties During Juno's Approach to Jupiter: Data Analysis and Resulting Plasma Properties Utilizing a 1-D Forward Model}},
    year = {2018},
    journal = {Journal of Geophysical Research: Space Physics},
    author = {Wilson, R. J. and Bagenal, Fran and Valek, Philip W. and McComas, D. J. and Allegrini, Frederic and Ebert, Robert W. and Kim, Thomas K. and Kurth, W. S. and Szalay, Jamey R. and Thomsen, Michelle F.},
    doi = {10.1002/2017JA024860},
    issn = {21699402},
    keywords = {JADE, Juno, solar, upstream, wind}
}

@article{Zieger2008,
    title = {{Statistical validation of a solar wind propagation model from 1 to 10 AU}},
    year = {2008},
    journal = {Journal of Geophysical Research: Space Physics},
    author = {Zieger, Bertalan and Hansen, Kenneth C.},
    doi = {10.1029/2008JA013046},
    issn = {21699402}
}

@article{Vogt2014,
    title = {{Structure and statistical properties of plasmoids in Jupiter's magnetotail}},
    year = {2014},
    journal = {Journal of Geophysical Research A: Space Physics},
    author = {Vogt, Marissa F. and Jackman, Caitriona M. and Slavin, James A. and Bunce, Emma J. and Cowley, Stanley W.H. and Kivelson, Margaret G. and Khurana, Krishan K.},
    doi = {10.1002/2013JA019393},
    issn = {21699402}
}

@article{Dougherty2017,
    title = {{Survey of Voyager plasma science ions at Jupiter: 2. Heavy ions}},
    year = {2017},
    journal = {Journal of Geophysical Research: Space Physics},
    author = {Dougherty, L. P. and Bodisch, K. M. and Bagenal, F.},
    doi = {10.1002/2017JA024053},
    issn = {21699402},
    keywords = {Jupiter, Voyager, magnetosphere, plasma}
}

@article{Khurana2004a,
    title = {{The Configuration of Jupiter's Magnetosphere (Chapter 24)}},
    year = {2004},
    journal = {Jupiter: The Planet, Satellites and Magnetosphere},
    author = {Khurana, K. K. and Kivelson, M. G. and Vasyliunas, V. M. and Krupp, N. and Woch, J. and Lagg, A. and Mauk, B. H. and Kurth, W. S.},
    isbn = {0521818087}
}

@article{Farrugia1998,
    title = {{The effect of the magnetopause shapes of Jupiter and Saturn on magnetosheath parameters}},
    year = {1998},
    journal = {Planetary and Space Science},
    author = {Farrugia, C. J. and Biernat, H. K. and Erkaev, N. V.},
    doi = {10.1016/s0032-0633(97)00225-0},
    issn = {00320633}
}

@article{Hill2001,
    title = {{The Jovian auroral oval}},
    year = {2001},
    journal = {Journal of Geophysical Research: Space Physics},
    author = {Hill, T. W.},
    doi = {10.1029/2000ja000302},
    issn = {0148-0227}
}

@article{Behannon1981,
    title = {{The Jovian magnetotail and its current sheet}},
    year = {1981},
    journal = {Journal of Geophysical Research: Space Physics},
    author = {Behannon, K. W. and Burlaga, L. F. and Ness, N. F.},
    number = {A10},
    month = {9},
    pages = {8385--8401},
    volume = {86},
    publisher = {John Wiley {\&} Sons, Ltd},
    url = {http://doi.wiley.com/10.1029/JA086iA10p08385},
    doi = {10.1029/JA086iA10p08385},
    issn = {01480227}
}

@article{Sulaiman2014,
    title = {{The magnetic structure of Saturn's magnetosheath}},
    year = {2014},
    journal = {Journal of Geophysical Research: Space Physics},
    author = {Sulaiman, A. H. and Masters, A. and Dougherty, M. K. and Jia, X.},
    doi = {10.1002/2014JA020019},
    issn = {21699402},
    keywords = {Saturn, magnetic field draping, magnetosheath}
}

@article{Goertz1981,
    title = {{The orientation and motion of the predawn current sheet and Jupiter's magnetotail}},
    year = {1981},
    journal = {Journal of Geophysical Research: Space Physics},
    author = {Goertz, C. K.},
    number = {A10},
    month = {9},
    pages = {8429--8434},
    volume = {86},
    publisher = {John Wiley {\&} Sons, Ltd},
    url = {http://doi.wiley.com/10.1029/JA086iA10p08429},
    doi = {10.1029/JA086iA10p08429},
    issn = {01480227}
}

@article{Kimura2017,
    title = {{Transient brightening of Jupiter's aurora observed by the Hisaki satellite and Hubble Space Telescope during approach phase of the Juno spacecraft}},
    year = {2017},
    journal = {Geophysical Research Letters},
    author = {Kimura, T. and Nichols, J. D. and Gray, R. L. and Tao, C. and Murakami, G. and Yamazaki, A. and Badman, S. V. and Tsuchiya, F. and Yoshioka, K. and Kita, H. and Grodent, D. and Clark, G. and Yoshikawa, I. and Fujimoto, M.},
    doi = {10.1002/2017GL072912},
    issn = {19448007},
    keywords = {Hisaki, Hubble Space Telescope, Juno, Jupiter, aurora, magnetosphere}
}

@article{Kimura2015,
    title = {{Transient internally driven aurora at Jupiter discovered by Hisaki and the Hubble Space Telescope}},
    year = {2015},
    journal = {Geophysical Research Letters},
    author = {Kimura, T. and Badman, S. V. and Tao, C. and Yoshioka, K. and Murakami, G. and Yamazaki, A. and Tsuchiya, F. and Bonfond, B. and Steffl, A. J. and Masters, A. and Kasahara, S. and Hasegawa, H. and Yoshikawa, I. and Fujimoto, M. and Clarke, J. T.},
    doi = {10.1002/2015GL063272},
    issn = {19448007},
    keywords = {Jupiter, aurora, energetic event, magnetosphere}
}

@article{Zhong2019Magnetotail,
    title = {{ MESSENGER Observations of Giant Plasmoids in Mercury’s Magnetotail }},
    year = {2019},
    journal = {The Astrophysical Journal},
    author = {Zhong, J. and Zong, Q. G. and Wei, Y. and Slavin, J. A. and Cao, X. and Pu, Z. Y. and Wang, X. G. and Fu, S. Y. and Raines, J. M. and Wan, W. X.},
    doi = {10.3847/2041-8213/ab5650},
    issn = {2041-8213}
}

@article{Toth2006AGrids,
    title = {{A parallel explicit/implicit time stepping scheme on block-adaptive grids}},
    year = {2006},
    journal = {Journal of Computational Physics},
    author = {T{\'{o}}th, Gábor and De Zeeuw, Darren L. and Gombosi, Tamas I. and Powell, Kenneth G.},
    number = {2},
    month = {9},
    pages = {722--758},
    volume = {217},
    publisher = {Academic Press},
    url = {https://www.sciencedirect.com/science/article/pii/S0021999106000337?via%3Dihub},
    doi = {10.1016/J.JCP.2006.01.029},
    issn = {0021-9991}
}

@article{Kronberg2007AMagnetosphere,
    title = {{A possible intrinsic mechanism for the quasi-periodic dynamics of the Jovian magnetosphere}},
    year = {2007},
    journal = {Journal of Geophysical Research: Space Physics},
    author = {Kronberg, E. A. and Glassmeier, K. H. and Woch, J. and Krupp, N. and Lagg, A. and Dougherty, M. K.},
    doi = {10.1029/2006JA011994},
    issn = {21699402}
}

@article{Kivelson1978ASheet,
    title = {{A Time Dependent Model of the Jovian Current Sheet}},
    year = {1978},
    journal = {Journal of Geophysical Research},
    author = {Kivelson, Margaret G. and Coleman, Paul J. and Froidevaux, Lucien and Rosenberg, Ronald L.},
    number = {A10},
    month = {10},
    pages = {4823--4829},
    volume = {83},
    publisher = {John Wiley {\&} Sons, Ltd},
    url = {http://doi.wiley.com/10.1029/JA083iA10p04823},
    doi = {10.1029/JA083iA10p04823},
    issn = {0148-0227}
}

@misc{Jackman2011CassiniSaturn,
    title = {{Cassini observations of plasmoid structure and dynamics: Implications for the role of magnetic reconnection in magnetospheric circulation at Saturn}},
    year = {2011},
    booktitle = {Journal of Geophysical Research: Space Physics},
    author = {Jackman, C. M. and Slavin, J. A. and Cowley, S. W.H.},
    doi = {10.1029/2011JA016682},
    issn = {21699402}
}

@article{Slavin1989CDAWAssessment,
    title = {{CDAW 8 observations of plasmoid signatures in the geomagnetic tail: An assessment}},
    year = {1989},
    journal = {Journal of Geophysical Research},
    author = {Slavin, J. A. and Baker, D. N. and Craven, J. D. and Elphic, R. C. and Fairfield, D. H. and Frank, L. A. and Galvin, A. B. and Hughes, W. J. and Manka, R. H. and Mitchell, D. G. and Richardson, I. G. and Sanderson, T. R. and Sibeck, D. J. and Smith, E. J. and Zwickl, R. D.},
    doi = {10.1029/ja094ia11p15153},
    issn = {0148-0227}
}

@article{Teh2014CorrelationDependency,
    title = {{Correlation of core field polarity of magnetotail flux ropes with the IMF By: Reconnection guide field dependency}},
    year = {2014},
    journal = {Journal of Geophysical Research: Space Physics},
    author = {Teh, W. L. and Nakamura, R. and Karimabadi, H. and Baumjohann, W. and Zhang, T. L.},
    doi = {10.1002/2013JA019454},
    issn = {21699402},
    keywords = {Interplanetary Magnetic Field, Magnetic Flux Rope, Magnetic Reconnection, Magnetotail}
}

@incollection{Arridge2018CurrentPlanets,
    title = {{Current Sheets at the Giant Planets}},
    year = {2018},
    author = {Arridge, Christopher S. and Martin, Carley J.},
    month = {3},
    pages = {191--205},
    publisher = {American Geophysical Union (AGU)},
    url = {http://doi.wiley.com/10.1002/9781119324522.ch12},
    doi = {10.1002/9781119324522.ch12},
    keywords = {Jupiter, Saturn, Uranus, current sheets, surface waves}
}

@article{Cowley2015Down-tailMagnetospheres,
    title = {{Down-tail mass loss by plasmoids in Jupiter's and Saturn's magnetospheres}},
    year = {2015},
    journal = {Journal of Geophysical Research A: Space Physics},
    author = {Cowley, S. W.H. and Nichols, J. D. and Jackman, C. M.},
    doi = {10.1002/2015JA021500},
    issn = {21699402},
    keywords = {plasmoids}
}

@article{Jia2012DrivingSources,
    title = {{Driving Saturn's magnetospheric periodicities from the upper atmosphere/ionosphere: Magnetotail response to dual sources}},
    year = {2012},
    journal = {Journal of Geophysical Research: Space Physics},
    author = {Jia, Xianzhe and Kivelson, Margaret G.},
    number = {A11},
    month = {11},
    pages = {n/a-n/a},
    volume = {117},
    publisher = {John Wiley {\&} Sons, Ltd},
    url = {http://doi.wiley.com/10.1029/2012JA018183},
    doi = {10.1029/2012JA018183},
    issn = {01480227},
    keywords = {SKR, Saturn, magnetosphere, periodicity, plasma, rotation}
}

@article{Sandel1988DualMagnetosphere,
    title = {{Dual periodicity of the Jovian magnetosphere}},
    year = {1988},
    journal = {Journal of Geophysical Research},
    author = {Sandel, B. R. and Dessler, A. J.},
    number = {A6},
    month = {6},
    pages = {5487},
    volume = {93},
    publisher = {John Wiley {\&} Sons, Ltd},
    url = {http://doi.wiley.com/10.1029/JA093iA06p05487},
    doi = {10.1029/JA093iA06p05487},
    issn = {0148-0227}
}

@article{Kivelson2005DynamicalMagnetosphere,
    title = {{Dynamical consequences of two modes of centrifugal instability in Jupiter's outer magnetosphere}},
    year = {2005},
    journal = {Journal of Geophysical Research: Space Physics},
    author = {Kivelson, M. G. and Southwood, D. J.},
    doi = {10.1029/2005JA011176},
    issn = {21699402}
}

@incollection{Krupp2004DynamicsMagnetosphere,
    title = {{Dynamics of the Jovian Magnetosphere}},
    year = {2004},
    booktitle = {Jupiter: The Planet, Satellites and Magnetosphere},
    author = {Krupp, N and Vytenis, MV and Woch, J and Lagg, A and Krishan, KK},
    publisher = {Cambridge University Press, UK}
}

@article{Drake2006ElectronReconnection,
    title = {{Electron acceleration from contracting magnetic islands during reconnection}},
    year = {2006},
    journal = {Nature},
    author = {Drake, J. F. and Swisdak, M. and Che, H. and Shay, M. A.},
    doi = {10.1038/nature05116},
    issn = {14764687}
}

@article{Barnhart2009ElectronSpectra,
    title = {{Electron densities in Jupiter's outer magnetosphere determined from Voyager 1 and 2 plasma wave spectra}},
    year = {2009},
    journal = {Journal of Geophysical Research: Space Physics},
    author = {Barnhart, B. L. and Kurth, W. S. and Groene, J. B. and Faden, J. B. and Santolik, O. and Gurnett, D. A.},
    doi = {10.1029/2009JA014069},
    issn = {21699402}
}

@article{Le2012ElectronCoalescence,
    title = {{Electron energization during magnetic island coalescence}},
    year = {2012},
    journal = {Physics of Plasmas},
    author = {Le, A. and Karimabadi, H. and Egedal, J. and Roytershteyn, V. and Daughton, W.},
    doi = {10.1063/1.4739244},
    issn = {1070664X}
}

@article{Drake2006FormationReconnection,
    title = {{Formation of secondary islands during magnetic reconnection}},
    year = {2006},
    journal = {Geophysical Research Letters},
    author = {Drake, J. F. and Swisdak, M. and Schoeffler, K. M. and Rogers, B. N. and Kobayashi, S.},
    doi = {10.1029/2006GL025957},
    issn = {00948276}
}

@article{Thomsen1981FurtherMagnetosphere,
    title = {{Further observational support for the limited-latitude magnetodisc model of the outer Jovian magnetosphere}},
    year = {1981},
    journal = {Journal of Geophysical Research: Space Physics},
    author = {Thomsen, M. F. and Goertz, C. K.},
    number = {A9},
    month = {9},
    pages = {7519--7526},
    volume = {86},
    publisher = {John Wiley {\&} Sons, Ltd},
    url = {http://doi.wiley.com/10.1029/JA086iA09p07519},
    doi = {10.1029/JA086iA09p07519},
    issn = {01480227}
}

@article{Slavin2003GeotailSheet,
    title = {{Geotail observations of magnetic flux ropes in the plasma sheet}},
    year = {2003},
    journal = {Journal of Geophysical Research: Space Physics},
    author = {Slavin, J. A. and Lepping, R. P. and Gjerloev, J. and Fairfield, D. H. and Hesse, M. and Owen, C. J. and Moldwin, M. B. and Nagai, T. and Ieda, A. and Mukai, T.},
    doi = {10.1029/2002JA009557},
    issn = {21699402},
    keywords = {2740 Magnetospheric physics: Magnetospheric config, 2744 Magnetospheric physics: Magnetotail, 2764 Magnetospheric physics: Plasma sheet, 2788 Magnetospheric physics: Storms and substorms}
}

@article{Nagai2001GeotailMagnetotail,
    title = {{Geotail observations of the Hall current system: Evidence of magnetic reconnection in the magnetotail}},
    year = {2001},
    journal = {Journal of Geophysical Research: Space Physics},
    author = {Nagai, T. and Shinohara, I. and Fujimoto, M. and Hoshino, M. and Saito, Y. and Machida, S. and Mukai, T.},
    doi = {10.1029/2001ja900038},
    issn = {21699402}
}

@article{Eastwood2016Ion-scaleMMS,
    title = {{Ion-scale secondary flux ropes generated by magnetopause reconnection as resolved by MMS}},
    year = {2016},
    journal = {Geophysical Research Letters},
    author = {Eastwood, J. P. and Phan, T. D. and Cassak, P. A. and Gershman, D. J. and Haggerty, C. and Malakit, K. and Shay, M. A. and Mistry, R. and {\O}ieroset, M. and Russell, C. T. and Slavin, J. A. and Argall, M. R. and Avanov, L. A. and Burch, J. L. and Chen, L. J. and Dorelli, J. C. and Ergun, R. E. and Giles, B. L. and Khotyaintsev, Y. and Lavraud, B. and Lindqvist, P. A. and Moore, T. E. and Nakamura, R. and Paterson, W. and Pollock, C. and Strangeway, R. J. and Torbert, R. B. and Wang, S.},
    doi = {10.1002/2016GL068747},
    issn = {19448007},
    keywords = {flux rope, magnetic reconnection, magnetopause, magnetospheric multiscale, secondary island}
}

@incollection{Strobel1983Ionosphere,
    title = {{Ionosphere}},
    year = {1983},
    booktitle = {Physics of the Jovian Magnetosphere},
    author = {Strobel, Darrell F. and Atreya, Sushil K.},
    editor = {Dessler, A. J.},
    pages = {51--67},
    publisher = {Cambridge University Press},
    url = {https://www.cambridge.org/core/product/identifier/CBO9780511564574A015/type/book_part},
    address = {Cambridge},
    doi = {10.1017/CBO9780511564574.004}
}

@article{Ridley2004IonosphericConductance,
    title = {{Ionospheric control of the magnetosphere: conductance}},
    year = {2004},
    journal = {Annales Geophysicae},
    author = {Ridley, A. J. and Gombosi, T. I. and DeZeeuw, D. L.},
    number = {2},
    month = {1},
    pages = {567--584},
    volume = {22},
    url = {http://www.ann-geophys.net/22/567/2004/},
    doi = {10.5194/angeo-22-567-2004},
    issn = {1432-0576}
}

@article{Slavin1995ISEETopologies,
    title = {{ISEE 3 observations of plasmoids with flux rope magnectic topologies}},
    year = {1995},
    journal = {Geophysical Research Letters},
    author = {Slavin, J. A. and Owen, C. J. and Kuznetsova, M. M. and Hesse, M.},
    doi = {10.1029/95GL01977},
    issn = {19448007}
}

@article{Slavin1998ISTPGeotail,
    title = {{ISTP observations of plasmoid ejection: IMP 8 and Geotail}},
    year = {1998},
    journal = {Journal of Geophysical Research: Space Physics},
    author = {Slavin, J. A. and Fairfield, D. H. and Kuznetsova, M. M. and Owen, C. J. and Lepping, R. P. and Taguchi, S. and Mukai, T. and Saito, Y. and Yamamoto, T. and Kokubun, S. and Lui, A. T. Y. and Reeves, G. D.},
    doi = {10.1029/97ja02136},
    issn = {2169-9402}
}

@article{Sarkango2020JunoMagnetotail,
    title = {{Juno Observations of Ion‐Inertial Scale Flux Ropes in the Jovian Magnetotail}},
    year = {2020},
    journal = {Geophysical Research Letters},
    author = {Sarkango, Yash and Slavin, James A. and Jia, Xianzhe and DiBraccio, Gina A. and Gershman, Daniel J. and Connerney, John E. P. and Kurth, William S. and Hospodarsky, George B.},
    doi = {10.1029/2020gl089721},
    issn = {0094-8276}
}

@article{Sulaiman2017Large-scaleMagnetosphere,
    title = {{Large-scale solar wind flow around Saturn's nonaxisymmetric magnetosphere}},
    year = {2017},
    journal = {Journal of Geophysical Research: Space Physics},
    author = {Sulaiman, A. H. and Jia, X. and Achilleos, N. and Sergis, N. and Gurnett, D. A. and Kurth, W. S.},
    number = {9},
    month = {9},
    pages = {9198--9206},
    volume = {122},
    publisher = {John Wiley {\&} Sons, Ltd},
    url = {http://doi.wiley.com/10.1002/2017JA024595},
    doi = {10.1002/2017JA024595},
    issn = {21699380},
    keywords = {Jupiter, Saturn, magnetosheath, solar wind}
}

@article{Lepping1990MagneticAU,
    title = {{Magnetic field structure of interplanetary magnetic clouds at 1 AU}},
    year = {1990},
    journal = {Journal of Geophysical Research},
    author = {Lepping, R. P. and Jones, J. A. and Burlaga, L. F.},
    doi = {10.1029/ja095ia08p11957},
    issn = {0148-0227}
}

@article{Nichols2006Magnetopause5AU,
    title = {{Magnetopause reconnection rate estimates for Jupiter's magnetosphere based on interplanetary measurements at {\~{}}5AU}},
    year = {2006},
    journal = {Annales Geophysicae},
    author = {Nichols, J. D. and Cowley, S. W. H. and McComas, D. J.},
    number = {1},
    month = {3},
    pages = {393--406},
    volume = {24},
    url = {http://www.ann-geophys.net/24/393/2006/},
    doi = {10.5194/angeo-24-393-2006},
    issn = {1432-0576}
}

@article{Sonnerup1967MagnetopauseObservations,
    title = {{Magnetopause structure and attitude from Explorer 12 observations}},
    year = {1967},
    journal = {Journal of Geophysical Research},
    author = {Sonnerup, B. U. and Cahill, L. J.},
    doi = {10.1029/jz072i001p00171},
    issn = {0148-0227}
}

@article{Winglee2016MagnetosphereMagnetosphere,
    title = {{Magnetosphere Magnetic Field Wobble Effects on the Dynamics of the Jovian Magnetosphere}},
    year = {2016},
    author = {Winglee, Robert M. and Harnett, Erika M.},
    month = {7},
    url = {http://arxiv.org/abs/1607.02167},
    arxivId = {1607.02167}
}

@article{Sibeck1984MagnetotailRopes,
    title = {{Magnetotail flux ropes}},
    year = {1984},
    journal = {Geophysical Research Letters},
    author = {Sibeck, D. G. and Siscoe, G. L. and Slavin, J. A. and Smith, E. J. and Bame, S. J. and Scarf, F. L.},
    doi = {10.1029/GL011i010p01090},
    issn = {19448007}
}

@article{Vogt2020MagnetotailObservations,
    title = {{Magnetotail Reconnection at Jupiter: A Survey of Juno Magnetic Field Observations}},
    year = {2020},
    journal = {Journal of Geophysical Research: Space Physics},
    author = {Vogt, Marissa F. and Connerney, John E.P. and DiBraccio, Gina A. and Wilson, Rob J. and Thomsen, Michelle F. and Ebert, Robert W. and Clark, George B. and Paranicas, Christopher and Kurth, William S. and Allegrini, Frédéric and Valek, Phil W. and Bolton, Scott J.},
    doi = {10.1029/2019JA027486},
    issn = {21699402},
    keywords = {Jupiter, magnetospheric dynamics, magnetotail, planetary magnetospheres, reconnection}
}

@article{Kronberg2008MassParameters,
    title = {{Mass release process in the Jovian magnetosphere: Statistics on particle burst parameters}},
    year = {2008},
    journal = {Journal of Geophysical Research: Space Physics},
    author = {Kronberg, E. A. and Woch, J. and Krupp, N. and Lagg, A.},
    doi = {10.1029/2008JA013332},
    issn = {21699402}
}

@article{DiBraccio2015MESSENGERMagnetotail,
    title = {{MESSENGER observations of flux ropes in Mercury's magnetotail}},
    year = {2015},
    journal = {Planetary and Space Science},
    author = {DiBraccio, Gina A. and Slavin, James A. and Imber, Suzanne M. and Gershman, Daniel J. and Raines, Jim M. and Jackman, Caitriona M. and Boardsen, Scott A. and Anderson, Brian J. and Korth, Haje and Zurbuchen, Thomas H. and McNutt, Ralph L. and Solomon, Sean C.},
    doi = {10.1016/j.pss.2014.12.016},
    issn = {00320633},
    keywords = {Magnetic flux ropes, Magnetic reconnection, Magnetospheric physics, Mercury's magnetotail}
}

@article{Slavin2009MESSENGERMagnetosphere,
    title = {{MESSENGER observations of magnetic reconnection inmercury's magnetosphere}},
    year = {2009},
    journal = {Science},
    author = {Slavin, James A. and Acuna, Mario H. and Anderson, Brian J. and Baker, Daniel N. and Benna, Mehdi and Boardsen, Scott A. and Gloeckler, George and Gold, Robert E. and Ho, George C. and Korth, Haje and Krimigis, Stamatios M. and McNutt, Ralph L. and Raines, Jim M. and Sarantos, Menelaos and Schriver, David and Solomon, Sean C. and Tr{\'{a}}vn{\'{i}}{\v{c}}ek, Pavel and Zurbuchen, Thomas H.},
    doi = {10.1126/science.1172011},
    issn = {00368075}
}

@article{Akhavan-Tafti2018MMSMagnetopause,
    title = {{MMS Examination of FTEs at the Earth's Subsolar Magnetopause}},
    year = {2018},
    journal = {Journal of Geophysical Research: Space Physics},
    author = {Akhavan-Tafti, M. and Slavin, J. A. and Le, G. and Eastwood, J. P. and Strangeway, R. J. and Russell, C. T. and Nakamura, R. and Baumjohann, W. and Torbert, R. B. and Giles, B. L. and Gershman, D. J. and Burch, J. L.},
    doi = {10.1002/2017JA024681},
    issn = {21699402},
    keywords = {MMS, cluster, coalescence, flux transfer events, force-free, subsolar magnetopause}
}

@article{Sun2019MMSSheet,
    title = {{MMS Study of the Structure of Ion-Scale Flux Ropes in the Earth's Cross-Tail Current Sheet}},
    year = {2019},
    journal = {Geophysical Research Letters},
    author = {Sun, W. J. and Slavin, J. A. and Tian, A. M. and Bai, S. C. and Poh, G. K. and Akhavan-Tafti, M. and Lu, San and Yao, S. T. and Le, G. and Nakamura, R. and Giles, B. L. and Burch, J. L.},
    doi = {10.1029/2019GL083301},
    issn = {19448007},
    keywords = {evolution, ion-scale FRs, magnetic structure, plasma depletion}
}

@article{Wang2018ModelingSimulation,
    title = {{Modeling the Jovian magnetosphere under an antiparallel interplanetary magnetic field from a global MHD simulation}},
    year = {2018},
    journal = {Earth and Planetary Physics},
    author = {Wang, YuXian and Guo, XiaoCheng and Tang, BinBin and Li, WenYa and Wang, Chi},
    number = {4},
    month = {7},
    pages = {303--309},
    volume = {2},
    publisher = {Chinese Geophysical Society},
    url = {http://www.eppcgs.org//article/doi/10.26464/epp2018028?pageType=en},
    doi = {10.26464/epp2018028},
    issn = {2096-3955},
    keywords = {Jupiter, magnetohydrodynamic (MHD) simulation, magnetosphere}
}

@article{Kivelson1995ModelsPlasmas,
    title = {{Models of flux ropes embedded in a harris neutral sheet: Force-free solutions in low and high beta plasmas}},
    year = {1995},
    journal = {Journal of Geophysical Research},
    author = {Kivelson, Margaret Galland and Khurana, Krishan K.},
    doi = {10.1029/95ja01548},
    issn = {0148-0227}
}

@article{Yamauchi1997ModifiedSpace,
    title = {{Modified magnetohydrodynamic waves in a current sheet in space}},
    year = {1997},
    journal = {Physics of Plasmas},
    author = {Yamauchi, M. and Lui, A. T. Y.},
    number = {12},
    month = {12},
    pages = {4382--4387},
    volume = {4},
    publisher = {American Institute of Physics},
    url = {http://aip.scitation.org/doi/10.1063/1.872600},
    doi = {10.1063/1.872600},
    issn = {1070-664X},
    keywords = {ALFVEN WAVES, DISPERSION RELATIONS, MAGNETOHYDRODYNAMICS, PLASMA SHEET, PLASMA WAVES, WAVE PROPAGATION, magnetohydrodynamic waves, plasma Alfven waves, plasma magnetohydrodynamics}
}

@article{Eastwood2007Multi-pointOn,
    title = {{Multi-point observations of the Hall electromagnetic field and secondary island formation during magnetic reconnecti on}},
    year = {2007},
    journal = {Journal of Geophysical Research: Space Physics},
    author = {Eastwood, J. P. and Phan, T. D. and Mozer, F. S. and Shay, M. A. and Fujimoto, M. and Retin{\`{o}}, A. and Hesse, M. and Balogh, A. and Lucek, E. A. and Dandouras, I.},
    doi = {10.1029/2006JA012158},
    issn = {21699402}
}

@article{Roe1996NotesMagnetohydrodynamics,
    title = {{Notes on the Eigensystem of Magnetohydrodynamics}},
    year = {1996},
    journal = {SIAM Journal on Applied Mathematics},
    author = {Roe, P. L. and Balsara, D. S.},
    number = {1},
    month = {2},
    pages = {57--67},
    volume = {56},
    publisher = {Society for Industrial and Applied Mathematics},
    url = {http://epubs.siam.org/doi/10.1137/S003613999427084X},
    doi = {10.1137/S003613999427084X},
    issn = {0036-1399},
    keywords = {35L65, 35L67, 35P10, 65M06, 76W05, eigenvectors, magnetohydrodynamics, numerical flux function}
}

@article{Khurana1989OnStructure,
    title = {{On Jovian plasma sheet structure}},
    year = {1989},
    journal = {Journal of Geophysical Research},
    author = {Khurana, Krishan K. and Kivelson, Margaret G.},
    number = {A9},
    month = {9},
    pages = {11791},
    volume = {94},
    publisher = {John Wiley {\&} Sons, Ltd},
    url = {http://doi.wiley.com/10.1029/JA094iA09p11791},
    doi = {10.1029/JA094iA09p11791},
    issn = {0148-0227}
}

@article{Hughes1987OnPlasmoids,
    title = {{On the 3‐dimensional structure of plasmoids}},
    year = {1987},
    journal = {Geophysical Research Letters},
    author = {Hughes, W. J. and Sibeck, D. G.},
    doi = {10.1029/GL014i006p00636},
    issn = {19448007}
}

@article{Carbary1980PeriodicitiesVoyager,
    title = {{Periodicities in the Jovian magnetosphere: Magnetodisc models after Voyager}},
    year = {1980},
    journal = {Geophysical Research Letters},
    author = {Carbary, J. F.},
    number = {1},
    month = {1},
    pages = {29--32},
    volume = {7},
    publisher = {John Wiley {\&} Sons, Ltd},
    url = {http://doi.wiley.com/10.1029/GL007i001p00029},
    doi = {10.1029/GL007i001p00029},
    issn = {00948276}
}

@article{Kivelson2015PlanetaryQuestions,
    title = {{Planetary Magnetodiscs: Some Unanswered Questions}},
    year = {2015},
    journal = {Space Science Reviews},
    author = {Kivelson, Margaret Galland},
    number = {1-4},
    month = {4},
    pages = {5--21},
    volume = {187},
    publisher = {Springer Netherlands},
    url = {http://link.springer.com/10.1007/s11214-014-0046-6},
    doi = {10.1007/s11214-014-0046-6},
    issn = {0038-6308}
}

@article{Eviatar1976PlasmaMagnetosphere,
    title = {{Plasma density in the outer Jovian magnetosphere}},
    year = {1976},
    journal = {Journal of Geophysical Research},
    author = {Eviatar, Aharon and Ershkovich, Alexander I.},
    number = {22},
    month = {8},
    pages = {4027--4028},
    volume = {81},
    publisher = {John Wiley {\&} Sons, Ltd},
    url = {http://doi.wiley.com/10.1029/JA081i022p04027},
    doi = {10.1029/JA081i022p04027},
    issn = {01480227}
}

@article{Bridge1979Plasma1.,
    title = {{Plasma observations near jupiter: initial results from voyager 1.}},
    year = {1979},
    journal = {Science (New York, N.Y.)},
    author = {Bridge, H S and Belcher, J W and Lazarus, A J and Sullivan, J D and McNutt, R L and Bagenal, F and Scudder, J D and Sittler, E C and Siscoe, G L and Vasyliunas, V M and Goertz, C K and Yeates, C M},
    number = {4396},
    month = {6},
    pages = {987--91},
    volume = {204},
    publisher = {American Association for the Advancement of Science},
    url = {http://www.ncbi.nlm.nih.gov/pubmed/17800436},
    doi = {10.1126/science.204.4396.987},
    issn = {0036-8075},
    pmid = {17800436}
}

@article{Kennel1986PlasmaRopes,
    title = {{Plasma waves in magnetotail flux ropes}},
    year = {1986},
    journal = {Journal of Geophysical Research},
    author = {Kennel, C. F. and Coroniti, F. V. and Scarf, F. L.},
    doi = {10.1029/ja091ia02p01424},
    issn = {0148-0227}
}

@article{Moldwin1991PlasmoidsRopes,
    title = {{Plasmoids as magnetic flux ropes}},
    year = {1991},
    journal = {Journal of Geophysical Research: Space Physics},
    author = {Moldwin, Mark B. and Hughes, W. Jeffrey},
    doi = {10.1029/91ja01167},
    issn = {0148-0227}
}

@article{Hill2008PlasmoidsMagnetotail,
    title = {{Plasmoids in Saturn's magnetotail}},
    year = {2008},
    journal = {Journal of Geophysical Research: Space Physics},
    author = {Hill, T. W. and Thomsen, M. F. and Henderson, M. G. and Tokar, R. L. and Coates, A. J. and McAndrews, H. J. and Lewis, G. R. and Mitchell, D. G. and Jackman, C. M. and Russell, C. T. and Dougherty, M. K. and Crary, F. J. and Young, D. T.},
    doi = {10.1029/2007JA012626},
    issn = {21699402}
}

@article{Taylor1974RelaxationFields,
    title = {{Relaxation of toroidal plasma and generation of reverse magnetic fields}},
    year = {1974},
    journal = {Physical Review Letters},
    author = {Taylor, J. B.},
    doi = {10.1103/PhysRevLett.33.1139},
    issn = {00319007}
}

@article{Daughton2011RolePlasmas,
    title = {{Role of electron physics in the development of turbulent magnetic reconnection in collisionless plasmas}},
    year = {2011},
    journal = {Nature Physics},
    author = {Daughton, W. and Roytershteyn, V. and Karimabadi, H. and Yin, L. and Albright, B. J. and Bergen, B. and Bowers, K. J.},
    doi = {10.1038/nphys1965},
    issn = {17452481}
}

@article{Lapenta2015SecondaryFronts,
    title = {{Secondary reconnection sites in reconnection-generated flux ropes and reconnection fronts}},
    year = {2015},
    journal = {Nature Physics},
    author = {Lapenta, Giovanni and Markidis, Stefano and Goldman, Martin V. and Newman, David L.},
    doi = {10.1038/nphys3406},
    issn = {17452481}
}

@article{Ieda1998StatisticalObservations,
    title = {{Statistical analysis of the plasmoid evolution with Geotail observations}},
    year = {1998},
    journal = {Journal of Geophysical Research: Space Physics},
    author = {Ieda, A. and Machida, S. and Mukai, T. and Saito, Y. and Yamamoto, T. and Nishida, A. and Terasawa, T. and Kokubun, S.},
    doi = {10.1029/97ja03240},
    issn = {2169-9402}
}

@article{Hones1984StructureActivity,
    title = {{Structure of the magnetotail at 220 RE and its response to geomagnetic activity}},
    year = {1984},
    journal = {Geophysical Research Letters},
    author = {Hones, E. W. and Baker, D. N. and Bame, S. J. and Feldman, W. C. and Gosling, J. T. and McComas, D. J. and Zwickl, R. D. and Slavin, J. A. and Smith, E. J. and Tsurutani, B. T.},
    doi = {10.1029/GL011i001p00005},
    issn = {19448007}
}

@article{Russell2000SubstormsTail,
    title = {{Substorms at Jupiter: Galileo observations of transient reconnection in the near tail}},
    year = {2000},
    journal = {Advances in Space Research},
    author = {Russell, C. T. and Khurana, K. K. and Kivelson, M. G. and Huddleston, D. E.},
    doi = {10.1016/S0273-1177(00)00084-3},
    issn = {02731177}
}

@article{Kim2020SurveyObservations,
    title = {{Survey of Ion Properties in Jupiter's Plasma Sheet: Juno JADE-I Observations}},
    year = {2020},
    journal = {Journal of Geophysical Research: Space Physics},
    author = {Kim, Thomas K. and Ebert, R. W. and Valek, P. W. and Allegrini, F. and McComas, D. J. and Bagenal, F. and Connerney, J. E.P. and Livadiotis, G. and Thomsen, M. F. and Wilson, R. J. and Bolton, S. J.},
    doi = {10.1029/2019JA027696},
    issn = {21699402},
    keywords = {Jupiter, ion composition, ion plasma parameters, plasma sheet}
}

@article{Goertz1976TheMagnetosphere,
    title = {{The current sheet in Jupiter's magnetosphere}},
    year = {1976},
    journal = {Journal of Geophysical Research},
    author = {Goertz, C. K.},
    number = {19},
    month = {7},
    pages = {3368--3372},
    volume = {81},
    publisher = {John Wiley {\&} Sons, Ltd},
    url = {http://doi.wiley.com/10.1029/JA081i019p03368},
    doi = {10.1029/JA081i019p03368},
    issn = {01480227}
}

@article{Priest2013TheLecture,
    title = {{The Equilibrium of Magnetic Flux Ropes (Tutorial Lecture)}},
    year = {2013},
    journal = {Physics of Magnetic Flux Ropes (eds C.T. Russell, E.R. Priest and L.C. Lee)},
    author = {Priest, E.R.},
    doi = {10.1029/GM058p0001}
}

@misc{Connerney2017TheInvestigation,
    title = {{The Juno Magnetic Field Investigation}},
    year = {2017},
    booktitle = {Space Science Reviews},
    author = {Connerney, J. E.P. and Benn, M. and Bjarno, J. B. and Denver, T. and Espley, J. and Jorgensen, J. L. and Jorgensen, P. S. and Lawton, P. and Malinnikova, A. and Merayo, J. M. and Murphy, S. and Odom, J. and Oliversen, R. and Schnurr, R. and Sheppard, D. and Smith, E. J.},
    doi = {10.1007/s11214-017-0334-z},
    issn = {15729672},
    keywords = {Juno mission, Juno spacecraft, Jupiter, Magnetic cleanliness, Magnetic field, Magnetometer, Spacecraft magnetic control, Spaceflight instrumentation}
}

@misc{Kurth2017TheInvestigation,
    title = {{The Juno Waves Investigation}},
    year = {2017},
    booktitle = {Space Science Reviews},
    author = {Kurth, W. S. and Hospodarsky, G. B. and Kirchner, D. L. and Mokrzycki, B. T. and Averkamp, T. F. and Robison, W. T. and Piker, C. W. and Sampl, M. and Zarka, P.},
    doi = {10.1007/s11214-017-0396-y},
    issn = {15729672},
    keywords = {Aurora, Juno, Jupiter, Magnetosphere, Waves}
}

@article{Vasyliunas1981TheAssessment,
    title = {{The magnetic‐anomaly model of the Jovian magnetosphere: A post‐Voyager assessment}},
    year = {1981},
    journal = {Journal of Geophysical Research: Space Physics},
    author = {Vasyliunas, V. M. and Dessler, A. J.},
    number = {A10},
    month = {9},
    pages = {8435--8446},
    volume = {86},
    publisher = {John Wiley {\&} Sons, Ltd},
    url = {https://agupubs.onlinelibrary.wiley.com/doi/abs/10.1029/JA086iA10p08435%4010.1002/%28ISSN%292169-9402.VOYAGER2},
    doi = {10.1029/JA086IA10P08435@10.1002/(ISSN)2169-9402.VOYAGER2},
    issn = {2156-2202}
}

@article{Northrop1974TheMagnetodisc,
    title = {{The magnetosphere of Jupiter as observed with Pioneer 10: 2. Nonrigid rotation of the magnetodisc}},
    year = {1974},
    journal = {Journal of Geophysical Research},
    author = {Northrop, T. G. and Goertz, C. K. and Thomsen, M. F.},
    number = {25},
    month = {9},
    pages = {3579--3582},
    volume = {79},
    publisher = {John Wiley {\&} Sons, Ltd},
    url = {http://doi.wiley.com/10.1029/JA079i025p03579},
    doi = {10.1029/JA079i025p03579},
    issn = {01480227}
}

@article{Bagenal2007ThePoles,
    title = {{The magnetosphere of Jupiter: Coupling the equator to the poles}},
    year = {2007},
    journal = {Journal of Atmospheric and Solar-Terrestrial Physics},
    author = {Bagenal, Fran},
    doi = {10.1016/j.jastp.2006.08.012},
    issn = {13646826},
    keywords = {Ionosphere-magnetosphere coupling, Jupiter, Magnetosphere}
}

@article{Toth2000TheCodes,
    title = {{The ∇{\textperiodcentered}B=0 Constraint in Shock-Capturing Magnetohydrodynamics Codes}},
    year = {2000},
    journal = {Journal of Computational Physics},
    author = {T{\'{o}}th, Gábor},
    number = {2},
    pages = {605--652},
    volume = {161},
    doi = {10.1006/jcph.2000.6519},
    issn = {00219991}
}

@article{Gombosi1996Three-dimensionalEnvironments,
    title = {{Three-dimensional multiscale MHD model of cometary plasma environments}},
    year = {1996},
    journal = {Journal of Geophysical Research: Space Physics},
    author = {Gombosi, Tamas I. and De Zeeuw, Darren L. and H{\"{a}}berli, Roman M. and Powell, Kenneth G.},
    doi = {10.1029/96ja01075},
    issn = {2156-2202}
}

@article{DiBraccio2019VoyagerUranus,
    title = {{Voyager 2 constraints on plasmoid-based transport at Uranus}},
    year = {2019},
    journal = {Geophysical Research Letters},
    author = {DiBraccio, Gina A. and Gershman, Daniel J.},
    doi = {10.1029/2019GL083909},
    issn = {19448007},
    keywords = {Ice Giant, Uranus, magnetic reconnection, magnetosphere, plasma transport, plasmoid}
}

@article{Kronberg2019acceleration,
  title={Acceleration of ions in Jovian plasmoids: does turbulence play a role?},
  author={Kronberg, Elena A and Grigorenko, Elena Evgenevna and Malykhin, Andrey and Kozak, Liudmyla and Petrenko, Bogdan and Vogt, Marissa F and Roussos, Elias and Kollmann, Peter and Jackman, Caitriona M and Kasahara, Satoshi and others},
  journal={Journal of Geophysical Research: Space Physics},
  volume={124},
  number={7},
  pages={5056--5069},
  year={2019},
  publisher={Wiley Online Library},
  doi={10.1029/2019JA026553}
}

@article{Oliveira2020new,
  title={New Metric for Minimum Variance Analysis Validation in the Study of Interplanetary Magnetic Clouds},
  author={Oliveira, Rosemeire Aparecida Rosa and da Silva Oliveira, Marcos William and Ojeda-Gonz{\'a}lez, Arian and De La Luz, Victor},
  journal={Solar Physics},
  volume={295},
  number={3},
  pages={1--16},
  year={2020},
  doi={10.1007/s11207-020-01610-6},
  publisher={Springer}
}